@article{Brock2013ChangingTW,
  title={Changing the world with a Raspberry Pi},
  author={J. Dean Brock and Rebecca F. Bruce and Marietta E. Cameron},
  journal={Journal of Computing Sciences in Colleges},
  year={2013},
  volume={29},
  pages={151-153}
}

@INPROCEEDINGS{8101926,
  author={Maier, Alexander and Sharp, Andrew and Vagapov, Yuriy},
  booktitle={2017 Internet Technologies and Applications (ITA)}, 
  title="{Comparative Analysis and practical implementation of the ESP32 microcontroller module for the internet of things}", 
  year={2017},
  volume={},
  number={},
  pages={143-148},
  doi={10.1109/ITECHA.2017.8101926}
}

@INPROCEEDINGS{6997578,
  author={Badamasi, Yusuf Abdullahi},
  booktitle={2014 11th International Conference on Electronics, Computer and Computation (ICECCO)}, 
  title={The working principle of an Arduino}, 
  year={2014},
  volume={},
  number={},
  pages={1-4},
  doi={10.1109/ICECCO.2014.6997578}
}

@book{seal2001arm,
  title={ARM architecture reference manual},
  author={Seal, David},
  year={2001},
  publisher={Pearson Education}
}

@ARTICLE{848473,
  author={Gonzalez, R.E.},
  journal={IEEE Micro}, 
  title={Xtensa: a configurable and extensible processor}, 
  year={2000},
  volume={20},
  number={2},
  pages={60-70},
  doi={10.1109/40.848473}
}

@book{waterman2016design,
  title={Design of the RISC-V instruction set architecture},
  author={Waterman, Andrew Shell},
  year={2016},
  publisher={University of California, Berkeley}
}

@misc{website1,
title={The Linux Kernel CPU Architectures},
url={https://www.kernel.org/doc/html/latest/arch.html},
note={Last accessed: Jan 31, 2022}
}

@misc{website2,
title={Linux Operating System on Xtensa Processors},
url={http://www.linux-xtensa.org},
note={Last accessed: Jan 16, 2021}
}

@misc{uclibc,
title={Small C Standard Library (µClibc)},
url={https://www.uclibc.org},
note={Last accessed: Jan 31, 2022}
}

@misc{juiceVM,
title="{Juice VM a Small RISC-V Virtual Machine}",
url={https://github.com/juiceRv/JuiceVm},
note={Last accessed: Jan 31, 2022}
}

@article{banafa2016iot,
  title={IoT standardization and implementation challenges},
  author={Banafa, Ahmed},
  journal={IEEE internet of things newsletter},
  pages={1--10},
  year={2016}
}

@misc{iot-size,
title="{State of IoT 2022: Number of connected IoT devices growing 18\% to 14.4 billion globally}",
url={https://iot-analytics.com/number-connected-iot-devices/},
note={Last-accessed: Jan 31, 2022}
}

@article{schiller,
title = "{Landscape of IoT security}",
journal = {Computer Science Review},
volume = {44},
pages = {100467},
year = {2022},
issn = {1574-0137},
doi = {https://doi.org/10.1016/j.cosrev.2022.100467},
url = {https://www.sciencedirect.com/science/article/pii/S1574013722000120},
author = {Eryk Schiller and Andy Aidoo and Jara Fuhrer and Jonathan Stahl and Michael Ziörjen and Burkhard Stiller},
keywords = {IoT, Security, Taxonomy, Attack vectors, Countermeasures, GDPR},
abstract = {The last two decades have experienced a steady rise in the production and deployment of sensing-and-connectivity-enabled electronic devices, replacing “regular” physical objects. The resulting Internet-of-Things (IoT) will soon become indispensable for many application domains. Smart objects are continuously being integrated within factories, cities, buildings, health institutions, and private homes. Approximately 30 years after the birth of IoT, society is confronted with significant challenges regarding IoT security. Due to the interconnectivity and ubiquitous use of IoT devices, cyberattacks have widespread impacts on multiple stakeholders. Past events show that the IoT domain holds various vulnerabilities, exploited to generate physical, economic, and health damage. Despite many of these threats, manufacturers struggle to secure IoT devices properly. Thus, this work overviews the IoT security landscape with the intention to emphasize the demand for secured IoT-related products and applications. Therefore, (a) a list of key challenges of securing IoT devices is determined by examining their particular characteristics, (b) major security objectives for secured IoT systems are defined, (c) a threat taxonomy is introduced, which outlines potential security gaps prevalent in current IoT systems, and (d) key countermeasures against the aforementioned threats are summarized for selected IoT security-related technologies available on the market.}
}

@article{LIM20181887,
title = "{Technology convergence in the Internet of Things (IoT) startup ecosystem: A network analysis}",
journal = {Telematics and Informatics},
volume = {35},
number = {7},
pages = {1887-1899},
year = {2018},
issn = {0736-5853},
doi = {https://doi.org/10.1016/j.tele.2018.06.002},
url = {https://www.sciencedirect.com/science/article/pii/S0736585318300121},
author = {Sangmin Lim and Ohsung Kwon and Duk Hee Lee},
keywords = {Internet of Things, Technology convergence, Investors, Network analysis, Knowledge flow},
abstract = {The role of investors in the growth of startups has been continuously studied. Our paper complements this stream of research by adding a new role of the investor in the Internet of Things (IoT) field, as a channel of knowledge sharing among startups. The relationship between “Internet of Things” startups located in the US and its investors leads to technology convergence as a result of knowledge sharing from investors. Using network analysis and a co-occurrence method, we find that investors in the IoT field play an intermediate role connecting startups by forming an ideal topology for knowledge sharing among them in the IoT industry. IoT startups having investors and more connections to other startups show greater technology convergence. Based on the above findings, this study argues that technology convergence occurs in the venture network as a result of investors playing the role of a channel of knowledge flow.}
}

% Related Work - IoT
@ARTICLE{7786805,
  author={Romkey, John},
  journal={IEEE Consumer Electronics Magazine}, 
  title={Toast of the IoT: The 1990 Interop Internet Toaster}, 
  year={2017},
  volume={6},
  number={1},
  pages={116-119},
  doi={10.1109/MCE.2016.2614740}
}

@misc{shirer2017worldwide,
  title="{Worldwide Spending on the Internet of Things Forecast to Reach Nearly \$1.4 Trillion in 2021, According to New IDC Spending Guide, IDC Research, Inc}",
  author={Shirer, M and Torchia, M},
  year={2017}
}

@article{shin2014socio,
  title={A socio-technical framework for Internet-of-Things design: A human-centered design for the Internet of Things},
  author={Shin, Donghee},
  journal={Telematics and Informatics},
  volume={31},
  number={4},
  pages={519--531},
  year={2014},
  publisher={Elsevier}
}

@INPROCEEDINGS{7821686,
  author={Al-Qaseemi, Sarah A. and Almulhim, Hajer A. and Almulhim, Maria F. and Chaudhry, Saqib Rasool},
  booktitle={2016 Future Technologies Conference (FTC)}, 
  title={IoT architecture challenges and issues: Lack of standardization}, 
  year={2016},
  volume={},
  number={},
  pages={731-738},
  doi={10.1109/FTC.2016.7821686}}

@article{lueth2015iot,
  title="{IoT market analysis: Sizing the opportunity}",
  author={Lueth, Knud Lasse},
  journal={IoT Analytic Report. March},
  year={2015}
}

@inproceedings{mano2016everysense,
  title="{EverySense: An end-to-end IoT market platform}",
  author={Mano, Hiroshi},
  booktitle={Adjunct Proceedings of the 13th International Conference on Mobile and Ubiquitous Systems: Computing Networking and Services},
  pages={1--5},
  year={2016}
}

@article{wang2015introduction,
  title={Introduction: Advances in IoT research and applications},
  author={Wang, Pan and Valerdi, Ricardo and Zhou, Shangming and Li, Ling},
  journal={Information Systems Frontiers},
  volume={17},
  number={2},
  pages={239--241},
  year={2015},
  publisher={Springer}
}

@misc{iot-size1,
	title="{Internet of things statistics, facts \& predictions [2022's update]}",
	author={Georgiev, Deyan},
	url={https://review42.com/resources/internet-of-things-stats/},
	note={Last-accessed: July 09, 2022}
}

@misc{iot-size2,
	title="{The IoT Rundown For 2020: Stats, Risks, and Solutions}",
	author={Maayan, Gilad David},
	url={https://securitytoday.com/Articles/2020/01/13/The-IoT-Rundown-for-2020.aspx?Page=2},
	note={Last-accessed: July 09, 2022}
}

@misc{iot-size3,
title="{State of IoT 2022: Number of connected IoT devices growing 18\% to 14.4 billion globally}",
url={https://iot-analytics.com/number-connected-iot-devices/},
note={Last-accessed: Jan 31, 2022}
}

@inproceedings{tarange2015web,
  title={Web based automatic irrigation system using wireless sensor network and embedded Linux board},
  author={Tarange, Pandurang H and Mevekari, Rajan G and Shinde, Prashant A},
  booktitle={2015 International Conference on Circuits, Power and Computing Technologies [ICCPCT-2015]},
  pages={1--5},
  year={2015},
  organization={IEEE}
}

@article{hassan2019current,
  title={Current research on Internet of Things (IoT) security: A survey},
  author={Hassan, Wan Haslina and others},
  journal={Computer networks},
  volume={148},
  pages={283--294},
  year={2019},
  publisher={Elsevier}
}

% related work - security

@article{voydock1983security,
  title={Security mechanisms in high-level network protocols},
  author={Voydock, Victor L and Kent, Stephen T},
  journal={ACM Computing Surveys (CSUR)},
  volume={15},
  number={2},
  pages={135--171},
  year={1983},
  publisher={ACM New York, NY, USA}
}

% related work - architecture
@article{sethi2017internet,
  title={Internet of things: architectures, protocols, and applications},
  author={Sethi, Pallavi and Sarangi, Smruti R},
  journal={Journal of Electrical and Computer Engineering},
  volume={2017},
  year={2017},
  publisher={Hindawi}
}

% related work - standardization
@article{newman2016internet,
  title={Why the Internet of things might never speak A common language},
  author={Newman, J},
  journal={App Economy, Fast Company},
  year={2016}
}

@inproceedings{al2016iot,
  title={IoT architecture challenges and issues: Lack of standardization},
  author={Al-Qaseemi, Sarah A and Almulhim, Hajer A and Almulhim, Maria F and Chaudhry, Saqib Rasool},
  booktitle={2016 Future technologies conference (FTC)},
  pages={731--738},
  year={2016},
  organization={IEEE}
}

% related work - OS

@article{milinkovic2015choosing,
  title="{Choosing the right RTOS for IoT platform}",
  author={Milinkovi{\'c}, Aleksandar and Milinkovi{\'c}, Stevan and Lazi{\'c}, Ljubomir},
  journal={Infoteh Jahorina},
  volume={14},
  pages={504--9},
  year={2015}
}

@inproceedings{sabri2017comparison,
  title={Comparison of IoT constrained devices operating systems: A survey},
  author={Sabri, Challouf and Kriaa, Lobna and Azzouz, Saidane Leila},
  booktitle={2017 IEEE/ACS 14th International Conference on Computer Systems and Applications (AICCSA)},
  pages={369--375},
  year={2017},
  organization={IEEE}
}


% MCU Architectures
@article{krishnamoorthy2021systematic,
  title={Systematic approach for state-of-the-art architectures and system-on-chip selection for heterogeneous IoT applications},
  author={Krishnamoorthy, Ramesh and Krishnan, Kalimuthu and Chokkalingam, Bharatiraja and Padmanaban, Sanjeevikumar and Leonowicz, Zbigniew and Holm-Nielsen, Jens Bo and Mitolo, Massimo},
  journal={IEEE Access},
  volume={9},
  pages={25594--25622},
  year={2021},
  publisher={IEEE}
}


% ________________________________________
% Body -1 

@article{arikpo2007neumann,
  title={Von neumann architecture and modern computers},
  author={Arikpo, II and Ogban, FU and Eteng, IE},
  journal={Global Journal of Mathematical Sciences},
  volume={6},
  number={2},
  pages={97--103},
  year={2007}
}

@misc{peterson2021mcu,
title="{Using an MCU vs. MPU in Embedded Systems Design}",
author={Zachariah Peterson},
url={https://iot-analytics.com/number-connected-iot-devices/},
note={Last-accessed: Jul 14, 2022}
}

@misc{thornton2017mcu,
title="{Microcontrollers vs. Microprocessors: What's the difference?}",
author={Scott Thornton},
url={https://www.microcontrollertips.com/microcontrollers-vs-microprocessors-whats-difference/},
note={Last-accessed: Jul 14, 2022}
}

@misc{raspberrypios,
title="{Raspberry Pi OS}",
url={https://www.raspberrypi.com/software/},
note={Last-accessed: Jul 14, 2022}
}

@misc{raspberrypi4,
title="{Raspberry Pi 4}",
url={https://www.raspberrypi.com/products/raspberry-pi-4-model-b/},
note={Last-accessed: Jul 14, 2022}
}

% Processors and ISA's
@misc{cortexm,
title="{Arm Cortex-M series processors}",
url={https://developer.arm.com/ip-products/processors/cortex-m/},
note={Last-accessed: Jul 14, 2022}
}

@misc{cortexa,
title="{Arm Cortex-A series processors}",
url={https://developer.arm.com/ip-products/processors/cortex-a/},
note={Last-accessed: Jul 14, 2022}
}

% market analysis





% Linux 
@misc{linuxlicense,
title={index : kernel/git/torvalds/linux.git},
url={https://git.kernel.org/pub/scm/linux/kernel/git/torvalds/linux.git/tree/LICENSES/preferred/GPL-2.0},
note={Last-accessed: Jul 14, 2022}
}

@misc{sharedLibnoMMU,
title="{Shared Libraries without an MMU}",
url={http://xflat.sourceforge.net/NoMMUSharedLibs.html},
note={Last-accessed: Jul 15, 2022}
}

@misc{emcraft,
title="{EmCraft systems}",
url={https://emcraft.com/},
note={Last-accessed: Jul 15, 2022}
}

@misc{uclinux.org,
title="{uclinux.org}",
url={https://web.archive.org/web/20181113230737/http://www.uclinux.org/},
note={Last-accessed: Jul 15, 2022}
}

@misc{uclibc-ng,
title="{uClibc-ng - Embedded C library}",
url={https://uclibc-ng.org/},
note={Last-accessed: Jul 20, 2022}
}

@inproceedings{dunkels2003full,
  title={Full $\{$TCP/IP$\}$ for 8-Bit Architectures},
  author={Dunkels, Adam},
  booktitle={First International Conference on Mobile Systems, Applications, and Services (MobiSys2003)},
  year={2003}
}



%MMU
@misc{linuxMMU1,
title="{Memory Management: Concepts overview}",
url={https://www.kernel.org/doc/html/latest/admin-guide/mm/concepts.html},
note={Last-accessed: Jul 15, 2022}
}

@misc{linuxMMU2,
title="{Memory Management: No-MMU memory mapping support}",
url={https://www.kernel.org/doc/html/latest/admin-guide/mm/nommu-mmap.html},
note={Last-accessed: Jul 15, 2022}
}



% Toolchains and cross-compilation
@misc{githubLinux,
title={torvalds/linuxt},
url={https://github.com/torvalds/linux},
note={Last-accessed: Jul 15, 2022}
}

@misc{gcc-arm-none-eabi,
title="{GNU Arm Embedded Toolchain Downloads}",
url={https://developer.arm.com/downloads/-/gnu-rm},
note={Last-accessed: Jul 15, 2022}
}


@misc{buildroot,
title="{Buildroot Documentation}",
url={https://buildroot.org/downloads/manual/manual.html},
note={Last-accessed: Jul 15, 2022}
}

@misc{yocto,
title="{Yocto Project: Release 2.1}",
url={https://docs.yoctoproject.org/migration-guides/migration-2.1.html?highlight=mmu},
note={Last-accessed: Jul 15, 2022}
}

@misc{openwrt,
title="{OpenWRT}",
url={https://openwrt.org/},
note={Last-accessed: Jul 15, 2022}
}

% U-boot
@misc{u-boot,
title={u-boot},
url={https://github.com/u-boot/u-boot},
note={Last-accessed: Jul 14, 2022}
}

@misc{u-boot-doc,
title="{The U-Boot Documentation}",
url={https://u-boot.readthedocs.io/en/latest/index.html},
note={Last-accessed: Jul 14, 2022}
}

% QEMU
@misc{qemu,
title="{QEMU}",
url={https://www.qemu.org/docs/master/about/index.html},
note={Last-accessed: Jul 14, 2022}
}


% ______________________________________________
% Body 2
@inproceedings{gaur2015operating,
  title={Operating systems for IoT devices: A critical survey},
  author={Gaur, Padmini and Tahiliani, Mohit P},
  booktitle={2015 IEEE region 10 symposium},
  pages={33--36},
  year={2015},
  organization={IEEE}
}

% Implementation

@misc{emuClinux,
title={https://github.com/EmcraftSystems/linux-emcraft},
url={https://www.segger.com/evaluate-our-software/st-microelectronics/st-stm32l476g-eval/#gallery},
note={Last-accessed: Jul 18, 2022}
}

@misc{emUboot,
title={EmcraftSystems/u-boot},
url={https://github.com/EmcraftSystems/u-boot},
note={Last-accessed: Jul 18, 2022}
}

@misc{sample-code,
title={qemu-arm with Cortex-M4 on Linux},
url={https://stackoverflow.com/questions/67591930/qemu-arm-with-cortex-m4-on-linux},
note={Last-accessed: Jul 14, 2022}
}

% ______________________________________________
% Pictures
@misc{stm32Lpic,
title={index : kernel/git/torvalds/linux.git},
url={https://www.segger.com/evaluate-our-software/st-microelectronics/st-stm32l476g-eval/#gallery},
note={Last-accessed: Jul 18, 2022}
}

@misc{vonNeumannpic,
title={Graphic of Von Neumann Architecture},
url={https://en.wikipedia.org/wiki/Von_Neumann_architecture#/media/File:Von_Neumann_Architecture.svg},
note={Last-accessed: Jul 18, 2022}
}




